
@article{someCitation,
 author = {Cohen-Or, Daniel and Sorkine, Olga and Gal, Ran and Leyvand, Tommer and Xu, Ying-Qing},
 title = {Color Harmonization},
 journal = {ACM Trans. Graph.},
 issue_date = {July 2006},
 volume = {25},
 number = {3},
 month = jul,
 year = {2006},
 issn = {0730-0301},
 pages = {624--630},
 numpages = {7},
 url = {http://doi.acm.org/10.1145/1141911.1141933},
 doi = {10.1145/1141911.1141933},
 acmid = {1141933},
 publisher = {ACM},
 address = {New York, NY, USA},
 keywords = {color harmonization, computational aesthetics, cut-and-paste, image enhancement},
 }
